@online{npm,
  author       = {npm},
  year         = {2023},
  title        = {npm},
  url          = {https://www.npmjs.com/},
  month        = jan,
  lastaccessed = {Feb 25, 2024},
  organization = {npm}
}

@online{npmblog-stats,
  author       = {Ahmad Nassri},
  year         = {2020},
  title        = {So long, and thanks for all the packages!},
  url          = {https://blog.npmjs.org/post/615388323067854848/so-long-and-thanks-for-all-the-packages},
  month        = apr,
  lastaccessed = {Feb 25, 2024},
  organization = {npm}
}

@online{aboutnpm,
  author       = {Luke Karrys and Edward Thomson},
  year         = {2023},
  title        = {About npm},
  url          = {https://docs.npmjs.com/about-npm},
  month        = oct,
  lastaccessed = {Feb 25, 2024},
  organization = {npm}
}

@online{w3schools,
  author       = {w3schools},
  year         = {2023},
  title        = {What is npm?},
  url          = {https://www.w3schools.com/whatis/whatis_npm.asp},
  month        = jan,
  lastaccessed = {Feb 25, 2024},
  organization = {w3schools}
}

@online{w3techs,
  author       = {w3techs},
  year         = {2024},
  title        = {Usage statistics of JavaScript as client-side programming language on websites},
  url          = {https://w3techs.com/technologies/details/cp-javascript},
  month        = feb,
  lastaccessed = {Feb 25, 2024},
  organization = {w3techs}
}

@online{qz,
  author       = {Keith Collins},
  year         = {2016},
  title        = {How one programmer broke the internet by deleting a tiny piece of code},
  url          = {https://qz.com/646467/how-one-programmer-broke-the-internet-by-deleting-a-tiny-piece-of-code/},
  month        = mar,
  lastaccessed = {Feb 25, 2024},
  organization = {Quartz}
}

@online{crunchbase,
  author       = {Crunchbase},
  year         = {2024},
  title        = {Kik - Crunchbase Company Profile \& Funding},
  url          = {https://www.crunchbase.com/organization/kik-interactive},
  month        = feb,
  lastaccessed = {Feb 25, 2024},
  organization = {Crunchbase}
}

@online{medium-mikeroberts,
  author       = {Mike Roberts},
  year         = {2016},
  title        = {A discussion about the breaking of the Internet},
  url          = {https://web.archive.org/web/20160324000044/https://medium.com/@mproberts/a-discussion-about-the-breaking-of-the-internet-3d4d2a83aa4d#.rv5x9r23t},
  month        = mar,
  lastaccessed = {Feb 25, 2024}
}

@online{github-leftpad-code,
  author       = {Azer Koçulu},
  year         = {2014},
  title        = {left-pad},
  url          = {https://github.com/left-pad/left-pad/blob/192444bbe670b3e429164ba0a5808e05f7ca5af4/index.js},
  month        = aug,
  lastaccessed = {Feb 25, 2024}
}

@online{github-leftpad-dependency,
  author       = {Azer Koçulu et al.},
  year         = {2019},
  title        = {left-pad},
  url          = {https://github.com/left-pad/left-pad/network/dependents},
  month        = may,
  lastaccessed = {Feb 25, 2024}
}

@online{npmblog-leftpad,
  author       = {Isaac Schlueter},
  year         = {2016},
  title        = {Kik, left-pad, and npm},
  url          = {https://blog.npmjs.org/post/141577284765/kik-left-pad-and-npm},
  month        = mar,
  lastaccessed = {Feb 25, 2024},
  organization = {npm}
}

@online{npm-docs-unpublishing,
  author       = {npm},
  year         = {2023},
  title        = {npm Unpublish Policy},
  url          = {https://docs.npmjs.com/policies/unpublish},
  month        = jan,
  lastaccessed = {Feb 25, 2024},
  organization = {npm}
}

@online{github-everything,
  author       = {PatrickJS},
  year         = {2023},
  title        = {everything},
  url          = {https://web.archive.org/web/20231230121958/https://github.com/everything-registry/everything},
  month        = dec,
  lastaccessed = {Feb 25, 2024},
  organization = {GitHub}
}

@online{npm-everything,
  author       = {PatrickJS},
  year         = {2023},
  title        = {everything - npm},
  url          = {https://www.npmjs.com/package/everything},
  month        = dec,
  lastaccessed = {Feb 25, 2024},
  organization = {npm}
}

@online{youtube-everything,
  author       = {Theo Browne},
  year         = {2024},
  title        = {How One Command Broke NPM},
  url          = {https://youtu.be/IzqtWTMFv9Y},
  month        = jan,
  lastaccessed = {Feb 25, 2024},
  organization = {YouTube}
}

@online{npm-everything-else,
  author       = {Alex Gee},
  year         = {2015},
  title        = {everything-else},
  url          = {https://www.npmjs.com/package/everything-else},
  month        = jun,
  lastaccessed = {Feb 25, 2024},
  organization = {npm}
}

@online{socket-everything,
  author       = {Feross Aboukhadijeh},
  year         = {2024},
  title        = {When "Everything" Becomes Too Much: The npm Package Chaos of 2024},
  url          = {https://socket.ist/posts/when-everything-becomes-too-much-the-npm-package-chaos-of-2024},
  month        = jan,
  lastaccessed = {Feb 25, 2024},
  organization = {Socket}
}

@online{npm-no-one-left-behind-dependencies,
  author       = {Pierre Krafft},
  year         = {2018},
  title        = {no-one-left-behind},
  url          = {https://web.archive.org/web/20210512200558/https://www.npmjs.com/package/no-one-left-behind},
  month        = feb,
  lastaccessed = {Feb 25, 2024},
  organization = {npm}
}

@online{npm-no-one-left-behind-security,
  author       = {npm},
  year         = {2023},
  title        = {no-one-left-behind},
  url          = {https://www.npmjs.com/package/no-one-left-behind},
  month        = jan,
  lastaccessed = {Feb 25, 2024},
  organization = {npm}
}

@online{github-hoarders-dependencies,
  author       = {Josh Holbrook},
  year         = {2022},
  title        = {hoarders/package.json at f0172e83540c868621d1f67832493ca4f7add3f2 · jfhbrook/hoarders},
  url          = {https://github.com/jfhbrook/hoarders/blob/f0172e83540c868621d1f67832493ca4f7add3f2/package.json},
  month        = jun,
  lastaccessed = {Feb 25, 2024},
  organization = {GitHub}
}

@online{github-hoarders,
  author       = {Josh Holbrook},
  year         = {2022},
  title        = {jfhbrook/hoarders: node.js's most complete "utility grab-bag". Dedicated to substack.},
  url          = {https://github.com/jfhbrook/hoarders},
  month        = mar,
  lastaccessed = {Feb 25, 2024},
  organization = {GitHub}
}

@online{github-hoarders-reborn,
  author       = {Josh Holbrook},
  year         = {2023},
  title        = {updated README · jfhbrook/hoarders@614dc3b"},
  url          = {https://github.com/jfhbrook/hoarders/commit/614dc3b1291ab67ae5cf29786398bc960ab66945},
  month        = aug,
  lastaccessed = {Feb 25, 2024},
  organization = {GitHub}
}

@online{bleepingcomputer-everything,
  author       = {Ax Sharma},
  year         = {2024},
  title        = {'everything' blocks devs from removing their own npm packages},
  url          = {https://www.bleepingcomputer.com/news/security/everything-blocks-devs-from-removing-their-own-npm-packages/},
  month        = jan,
  lastaccessed = {Feb 25, 2024},
  organization = {Bleeping Computer}
}

@online{uncenter-blog-everything,
  author       = {uncenter},
  year         = {2024},
  title        = {The package that broke NPM (accidentally)},
  url          = {https://uncenter.dev/posts/npm-install-everything/},
  month        = jan,
  lastaccessed = {Feb 25, 2024},
  organization = {uncenter}
}

@online{appendix-medium-azer,
  author       = {Azer Koçulu},
  year         = {2016},
  title        = {I've Just Liberated My Modules},
  url          = {https://web.archive.org/web/20160323000000/https://medium.com/@azerbike/i-ve-just-liberated-my-modules-9045c06be67c#.5g9x9r23t},
  month        = mar,
  lastaccessed = {Feb 25, 2024}
}

@online{appendix-everything-website,
  author       = {PatrickJS},
  year         = {2024},
  title        = {npm i everything},
  url          = {https://everything.npm.lol/},
  month        = jan,
  lastaccessed = {Feb 25, 2024}
}