@online{Google01,
  author       = {Google},
  year         = {2022},
  title        = {EP003: Red Team | Hacking Google},
  url          = {https://youtu.be/TusQWn2TQxQ},
  month        = oct,
  lastaccessed = {Jan 28, 2024},
  organization = {YouTube}
}

@article{lcamtuf,
  author  = {Michal Zalewski},
  title   = {The Google plasma globe affair of 2012},
  journal = {Coredumb.cx},
  volume  = {},
  number  = {plasma\_globe},
  pages   = {},
  year    = {2012}
}

@movie{NowYouSeeMe2,
  title     = {Now You See Me 2},
  producer  = { Kurtzman, A. Orci, R. and Cohen, B. },
  director  = {Chu, J.},
  year      = {2016},
  publisher = {Lionsgate},
  url       = {https://www.imdb.com/title/tt3110958/},
  author    = {Leterrier, L.}
}

@movie{missionimpossible,
  title = "Mission: Impossible",
  year = "1996",
  director = "Brian De Palma",
  url = "https://www.imdb.com/title/tt0117060/",
  producer = "Cruise, T. and Wagner, P.",
  publisher = "Paramount Pictures",
  author = "Cruise, T."
}